@techreport{Milner:1972:LCF:891954,
 author = {Milner, Robin},
 title = {Logic for Computable Functions: Description of a Machine Implementation.},
 year = {1972},
 source = {http://www.ncstrl.org:8900/ncstrl/servlet/search?formname=detail\&id=oai%3Ancstrlh%3Astan%3ASTAN%2F%2FCS-TR-72-288},
 publisher = {Stanford University},
 address = {Stanford, CA, USA},
}

@book{Harrop:2008:FS:1481410,
 author = {Harrop, Jon},
 title = {F\# for Scientists},
 year = {2008},
 isbn = {0470242116, 9780470242117},
 publisher = {Wiley-Interscience},
 address = {New York, NY, USA},
}

@misc{microsoft_.net,
title = {{.NET framework}},
note = {on-line at: \url{https://dotnet.microsoft.com/learn/dotnet/what-is-dotnet}},
author = {Microsoft}
year = {2019}
}

@misc{early_history,
title = {{The Early History of F\#}},
note = {on-line at: \url{https://fsharp.org/history/hopl-draft-1.pdf}},
author = {Don Syme}
}

@misc{fsharp,
title = {{The F\# Language specification}},
note = {on-line at: \url{https://fsharp.org/specs/language-spec/}},
author = {{F\# Software Foundation and individual contributors}},
year = {2012-2018}
}
